<record><leader>00000cas a22000007a 4500</leader><controlfield tag="001">9355880</controlfield><controlfield tag="008">830329d19021904couwr ne      0    0eng d</controlfield><datafield ind1=" " ind2=" " tag="010"><subfield code="a">sn 83045229 </subfield></datafield><datafield ind1=" " ind2=" " tag="040"><subfield code="a">CRL</subfield><subfield code="b">eng</subfield><subfield code="c">CRL</subfield><subfield code="d">NPW</subfield><subfield code="d">NPT</subfield><subfield code="d">CNQ</subfield><subfield code="d">OCLCQ</subfield></datafield><datafield ind1=" " ind2=" " tag="042"><subfield code="a">msc</subfield></datafield><datafield ind1="0" ind2=" " tag="130"><subfield code="a">Gunnison news-champion (Gunnison, Colo. : 1902)</subfield></datafield><datafield ind1="1" ind2="0" tag="245"><subfield code="a">Gunnison news-champion.</subfield></datafield><datafield ind1="1" ind2="3" tag="246"><subfield code="a">Gunnison news and people's champion</subfield></datafield><datafield ind1=" " ind2=" " tag="260"><subfield code="a">Gunnison, Colo. :</subfield><subfield code="b">H.F. Lake</subfield></datafield><datafield ind1=" " ind2=" " tag="300"><subfield code="a">v.</subfield></datafield><datafield ind1=" " ind2=" " tag="310"><subfield code="a">Weekly</subfield></datafield><datafield ind1="0" ind2=" " tag="362"><subfield code="a">No. 5 (Jan. 24, 1902)-no. 28 (July 1, 1904).</subfield></datafield><datafield ind1=" " ind2=" " tag="530"><subfield code="a">Available on microfilm from the Colorado Historical Society.</subfield></datafield><datafield ind1=" " ind2=" " tag="752"><subfield code="a">United States</subfield><subfield code="b">Colorado</subfield><subfield code="c">Gunnison</subfield><subfield code="d">Gunnison.</subfield></datafield><datafield ind1="0" ind2="0" tag="780"><subfield code="t">Gunnison news and people's champion</subfield><subfield code="w">(DLC)sn 90051566</subfield></datafield><datafield ind1="0" ind2="7" tag="785"><subfield code="t">Gunnison tribune</subfield><subfield code="w">(DLC)sn 86063369</subfield></datafield><datafield ind1="0" ind2="7" tag="785"><subfield code="t">Gunnison news-champion and tribune</subfield><subfield code="w">(DLC)sn 86066889</subfield></datafield></record>